@article{Butterworth:2002tt,
      author         = "Butterworth, J.M. and Cox, B.E. and Forshaw, Jeffrey R.",
      title          = "{$W W$ scattering at the CERN LHC}",
      journal        = "Phys.Rev.",
      volume         = "D65",
      pages          = "096014",
      doi            = "10.1103/PhysRevD.65.096014",
      year           = "2002",
      eprint         = "hep-ph/0201098",
      archivePrefix  = "arXiv",
      primaryClass   = "hep-ph",
      reportNumber   = "MC-TH-01-13, MAN-HEP-01-05, UCL-HEP-2001-06",
      SLACcitation   = "%%CITATION = HEP-PH/0201098;%%",
}

@article{Almeida:2008yp,
      author         = "Almeida, Leandro G. and Lee, Seung J. and Perez, Gilad
                        and Sterman, George F. and Sung, Ilmo and others",
      title          = "{Substructure of high-p_T Jets at the LHC}",
      journal        = "Phys.Rev.",
      volume         = "D79",
      pages          = "074017",
      doi            = "10.1103/PhysRevD.79.074017",
      year           = "2009",
      eprint         = "0807.0234",
      archivePrefix  = "arXiv",
      primaryClass   = "hep-ph",
      reportNumber   = "YITP-SB-08-31",
      SLACcitation   = "%%CITATION = ARXIV:0807.0234;%%",
}

@article{Ellis:2009su,
      author         = "Ellis, Stephen D. and Vermilion, Christopher K. and
                        Walsh, Jonathan R.",
      title          = "{Techniques for improved heavy particle searches with jet
                        substructure}",
      journal        = "Phys.Rev.",
      volume         = "D80",
      pages          = "051501",
      doi            = "10.1103/PhysRevD.80.051501",
      year           = "2009",
      eprint         = "0903.5081",
      archivePrefix  = "arXiv",
      primaryClass   = "hep-ph",
      SLACcitation   = "%%CITATION = ARXIV:0903.5081;%%",
}

@article{Ellis:2009me,
      author         = "Ellis, Stephen D. and Vermilion, Christopher K. and
                        Walsh, Jonathan R.",
      title          = "{Recombination Algorithms and Jet Substructure: Pruning
                        as a Tool for Heavy Particle Searches}",
      journal        = "Phys.Rev.",
      volume         = "D81",
      pages          = "094023",
      doi            = "10.1103/PhysRevD.81.094023",
      year           = "2010",
      eprint         = "0912.0033",
      archivePrefix  = "arXiv",
      primaryClass   = "hep-ph",
      SLACcitation   = "%%CITATION = ARXIV:0912.0033;%%",
}

@article{Thaler:2010tr,
      author         = "Thaler, Jesse and Van Tilburg, Ken",
      title          = "{Identifying Boosted Objects with N-subjettiness}",
      journal        = "JHEP",
      volume         = "1103",
      pages          = "015",
      doi            = "10.1007/JHEP03(2011)015",
      year           = "2011",
      eprint         = "1011.2268",
      archivePrefix  = "arXiv",
      primaryClass   = "hep-ph",
      reportNumber   = "MIT-CTP-4191",
      SLACcitation   = "%%CITATION = ARXIV:1011.2268;%%",
}

@article{Cui:2010km,
      author         = "Cui, Yanou and Han, Zhenyu and Schwartz, Matthew D.",
      title          = "{W-jet Tagging: Optimizing the Identification of Boosted
                        Hadronically-Decaying W Bosons}",
      journal        = "Phys.Rev.",
      volume         = "D83",
      pages          = "074023",
      doi            = "10.1103/PhysRevD.83.074023",
      year           = "2011",
      eprint         = "1012.2077",
      archivePrefix  = "arXiv",
      primaryClass   = "hep-ph",
      SLACcitation   = "%%CITATION = ARXIV:1012.2077;%%",
}

@article{Butterworth:2008iy,
      author         = "Butterworth, Jonathan M. and Davison, Adam R. and Rubin,
                        Mathieu and Salam, Gavin P.",
      title          = "{Jet substructure as a new Higgs search channel at the
                        LHC}",
      journal        = "Phys.Rev.Lett.",
      volume         = "100",
      pages          = "242001",
      doi            = "10.1103/PhysRevLett.100.242001",
      year           = "2008",
      eprint         = "0802.2470",
      archivePrefix  = "arXiv",
      primaryClass   = "hep-ph",
      SLACcitation   = "%%CITATION = ARXIV:0802.2470;%%",
}

@article{Plehn:2009rk,
      author         = "Plehn, Tilman and Salam, Gavin P. and Spannowsky,
                        Michael",
      title          = "{Fat Jets for a Light Higgs}",
      journal        = "Phys.Rev.Lett.",
      volume         = "104",
      pages          = "111801",
      doi            = "10.1103/PhysRevLett.104.111801",
      year           = "2010",
      eprint         = "0910.5472",
      archivePrefix  = "arXiv",
      primaryClass   = "hep-ph",
      reportNumber   = "KA-TP-12-2009",
      SLACcitation   = "%%CITATION = ARXIV:0910.5472;%%",
}

@article{Soper:2010xk,
      author         = "Soper, Davison E. and Spannowsky, Michael",
      title          = "{Combining subjet algorithms to enhance ZH detection at
                        the LHC}",
      journal        = "JHEP",
      volume         = "1008",
      pages          = "029",
      doi            = "10.1007/JHEP08(2010)029",
      year           = "2010",
      eprint         = "1005.0417",
      archivePrefix  = "arXiv",
      primaryClass   = "hep-ph",
      SLACcitation   = "%%CITATION = ARXIV:1005.0417;%%",
}

@article{Falkowski:2010hi,
      author         = "Falkowski, Adam and Krohn, David and Wang, Lian-Tao and
                        Shelton, Jessie and Thalapillil, Arun",
      title          = "{Unburied Higgs boson: Jet substructure techniques for
                        searching for Higgs' decay into gluons}",
      journal        = "Phys.Rev.",
      volume         = "D84",
      pages          = "074022",
      doi            = "10.1103/PhysRevD.84.074022",
      year           = "2011",
      eprint         = "1006.1650",
      archivePrefix  = "arXiv",
      primaryClass   = "hep-ph",
      SLACcitation   = "%%CITATION = ARXIV:1006.1650;%%",
}

@article{Almeida:2010pa,
      author         = "Almeida, Leandro G. and Lee, Seung J. and Perez, Gilad
                        and Sterman, George and Sung, Ilmo",
      title          = "{Template Overlap Method for Massive Jets}",
      journal        = "Phys.Rev.",
      volume         = "D82",
      pages          = "054034",
      doi            = "10.1103/PhysRevD.82.054034",
      year           = "2010",
      eprint         = "1006.2035",
      archivePrefix  = "arXiv",
      primaryClass   = "hep-ph",
      reportNumber   = "YITP-SB-10-21",
      SLACcitation   = "%%CITATION = ARXIV:1006.2035;%%",
}

@article{Thaler:2008ju,
      author         = "Thaler, Jesse and Wang, Lian-Tao",
      title          = "{Strategies to Identify Boosted Tops}",
      journal        = "JHEP",
      volume         = "0807",
      pages          = "092",
      doi            = "10.1088/1126-6708/2008/07/092",
      year           = "2008",
      eprint         = "0806.0023",
      archivePrefix  = "arXiv",
      primaryClass   = "hep-ph",
      SLACcitation   = "%%CITATION = ARXIV:0806.0023;%%",
}

@article{Kaplan:2008ie,
      author         = "Kaplan, David E. and Rehermann, Keith and Schwartz,
                        Matthew D. and Tweedie, Brock",
      title          = "{Top Tagging: A Method for Identifying Boosted
                        Hadronically Decaying Top Quarks}",
      journal        = "Phys.Rev.Lett.",
      volume         = "101",
      pages          = "142001",
      doi            = "10.1103/PhysRevLett.101.142001",
      year           = "2008",
      eprint         = "0806.0848",
      archivePrefix  = "arXiv",
      primaryClass   = "hep-ph",
      SLACcitation   = "%%CITATION = ARXIV:0806.0848;%%",
}

@article{Almeida:2008tp,
      author         = "Almeida, Leandro G. and Lee, Seung J. and Perez, Gilad
                        and Sung, Ilmo and Virzi, Joseph",
      title          = "{Top Jets at the LHC}",
      journal        = "Phys.Rev.",
      volume         = "D79",
      pages          = "074012",
      doi            = "10.1103/PhysRevD.79.074012",
      year           = "2009",
      eprint         = "0810.0934",
      archivePrefix  = "arXiv",
      primaryClass   = "hep-ph",
      reportNumber   = "YITP-SB-08-37, WIS-17-08-SEPT-DPP",
      SLACcitation   = "%%CITATION = ARXIV:0810.0934;%%",
}

@article{Krohn:2009wm,
      author         = "Krohn, David and Shelton, Jessie and Wang, Lian-Tao",
      title          = "{Measuring the Polarization of Boosted Hadronic Tops}",
      journal        = "JHEP",
      volume         = "1007",
      pages          = "041",
      doi            = "10.1007/JHEP07(2010)041",
      year           = "2010",
      eprint         = "0909.3855",
      archivePrefix  = "arXiv",
      primaryClass   = "hep-ph",
      SLACcitation   = "%%CITATION = ARXIV:0909.3855;%%",
}

@article{Plehn:2010st,
      author         = "Plehn, Tilman and Spannowsky, Michael and Takeuchi,
                        Michihisa and Zerwas, Dirk",
      title          = "{Stop Reconstruction with Tagged Tops}",
      journal        = "JHEP",
      volume         = "1010",
      pages          = "078",
      doi            = "10.1007/JHEP10(2010)078",
      year           = "2010",
      eprint         = "1006.2833",
      archivePrefix  = "arXiv",
      primaryClass   = "hep-ph",
      SLACcitation   = "%%CITATION = ARXIV:1006.2833;%%",
}

@article{Rehermann:2010vq,
      author         = "Rehermann, Keith and Tweedie, Brock",
      title          = "{Efficient Identification of Boosted Semileptonic Top
                        Quarks at the LHC}",
      journal        = "JHEP",
      volume         = "1103",
      pages          = "059",
      doi            = "10.1007/JHEP03(2011)059",
      year           = "2011",
      eprint         = "1007.2221",
      archivePrefix  = "arXiv",
      primaryClass   = "hep-ph",
      SLACcitation   = "%%CITATION = ARXIV:1007.2221;%%",
}

@article{Krohn:2009th,
      author         = "Krohn, David and Thaler, Jesse and Wang, Lian-Tao",
      title          = "{Jet Trimming}",
      journal        = "JHEP",
      volume         = "1002",
      pages          = "084",
      doi            = "10.1007/JHEP02(2010)084",
      year           = "2010",
      eprint         = "0912.1342",
      archivePrefix  = "arXiv",
      primaryClass   = "hep-ph",
      SLACcitation   = "%%CITATION = ARXIV:0912.1342;%%",
}

@article{Gallicchio:2010dq,
      author         = "Gallicchio, Jason and Huth, John and Kagan, Michael and
                        Schwartz, Matthew D. and Black, Kevin and others",
      title          = "{Multivariate discrimination and the Higgs + W/Z search}",
      journal        = "JHEP",
      volume         = "1104",
      pages          = "069",
      doi            = "10.1007/JHEP04(2011)069",
      year           = "2011",
      eprint         = "1010.3698",
      archivePrefix  = "arXiv",
      primaryClass   = "hep-ph",
      SLACcitation   = "%%CITATION = ARXIV:1010.3698;%%",
}

@article{Gallicchio:2010sw,
      author         = "Gallicchio, Jason and Schwartz, Matthew D.",
      title          = "{Seeing in Color: Jet Superstructure}",
      journal        = "Phys.Rev.Lett.",
      volume         = "105",
      pages          = "022001",
      doi            = "10.1103/PhysRevLett.105.022001",
      year           = "2010",
      eprint         = "1001.5027",
      archivePrefix  = "arXiv",
      primaryClass   = "hep-ph",
      SLACcitation   = "%%CITATION = ARXIV:1001.5027;%%",
}
